@Misc{tensorflow.org,
howpublished = {\url{https://www.tensorflow.org/api_docs}},
note = {Accessed June 8, 2019},
title = {TensorFlow Document},
//author = {Tensorfow Develop Team}
}

@Misc{skit-learn.org,
howpublished = {\url{https://scikit-learn.org/stable/documentation.html}},
note = {Accessed June 8, 2019},
title = {Documentation of scikit-learn 0.21.2},
//author = {Skit-learn Develop Team}
}